@INPROCEEDINGS{grselect, 
author={Di Wu and Aasaraai, K. and Moshovos, A.}, 
booktitle={Field Programmable Logic and Applications (FPL), 2013 23rd International Conference on}, 
title={Low-cost, high-performance branch predictors for soft processors}, 
year={2013}, 
month={Sept}, 
}

@Manual{niosiif,
	title = {{Nios II Processor Reference}},
	month = {May},
	year = 2011,
	organization = {Altera Corporation}
}
@Manual{microblaze,
	title = {{MicroBlaze Processor Reference Guide}},
	month = {July},
	year = 2012,
	organization = {Xilinx Inc.}
}
@InProceedings{bimodal,
	author = {{J. E. Smith}},
	title = {{A study of branch prediction strategies}},
	booktitle = {Annual Symposium on Computer Architecture},
	month = {June},
	year = 1981
}
@Manual{StratixIV,
	title = {Stratix IV Device Handbook},
	month = {Feb.},
	year = 2011,
	organization = {Altera Corp.}
}
@Manual{StratixIVALUT,
	title = {{Logic} {Array} {Blocks} and {Adaptive} {Logic} {Modules} in {Stratix IV} {Devices}},
	month = {Feb.},
	year = 2011,
	organization = {Altera Corp.}
}
@Manual{StratixIVM9K,
	title = {{TriMatrix Embedded Memory Blocks in Stratix IV Devices}},
	month = {Dec.},
	year = 2011,
	organization = {Altera Corp}
}
@Manual{niosfmax,
	title = {{Nios II Performance Benchmarks}},
	month = {Nov.},
	year = 2013,
	organization = {Altera Corp.}
}
@TechReport{McFarling,
	author = {S. McFarling},
	title = {{Combining Branch Predictors}},
	institution = {{Digital Western Research Laboratory}},
	year = 1993,
	month = {June},
	type = {{TN-36}}
}
@Misc{uclinux,
	title = {{Arcturus Networks Inc.}, {uClinux}},
	howpublished = {\url{http://www.uclinux.org/}}
}
@Misc{spec2k6,
	author = {{Standard Performance Evaluation Corporation}},
	title = {{SPEC CPU 2006}},
	howpublished = {\url{http://www.spec.org/cpu2006/}}
}
@Article{niosii,
	author = {{Altera Corp.}},
	title = {{Nios II Processor Reference Handbook v9.0}},
	year = 2009
}
@InProceedings{tage,
	author = {{A. Seznec and P. Michaud}},
	title = {{A case for (partially) tagged geometric history length predictors}},
	booktitle = {Journal of Instruction Level Parallelism (http://www.jilp.org/vol7)},
	month = {April},
	year = 2006
}
@InProceedings{perceptron,
	author = {{D. A. Jimenez and C. Lin}},
	title = {{Dynamic Branch Prediction with Perceptrons}},
	booktitle = { Intl' Symposium on High-Performance Computer Architecture},
	year = {2001},
	month = {January}
}
@InProceedings{ogehl,
	author = {{A. Seznec}},
	title = {{The O-GEHL Branch Predictor}},
	booktitle = {The 1st JILP Championship Branch Prediction Competition},
	month = {December},
	year = 2004
}

@inproceedings{softprocessor,
  title={The microarchitecture of FPGA-based soft processors},
  author={Yiannacouras, Peter and Rose, Jonathan and Steffan, J Gregory},
  booktitle={Proceedings of the 2005 international conference on Compilers, architectures and synthesis for embedded systems},
  pages={202--212},
  year={2005},
  organization={ACM}
}

@incollection{lob,
year={2007},
isbn={978-3-540-74308-8},
booktitle={Advances in Computer Systems Architecture},
editor={Choi, Lynn and Paek, Yunheung and Cho, Sangyeun},
title={A Power-Aware Alternative for the Perceptron Branch Predictor},
author={Aasaraai, Kaveh and Baniasadi, Amirali},
volume={4697},
pages={198-208}
}

@INPROCEEDINGS{perceptronRearrange, 
author={Cadenas, O. and Megson, G. and Jones, D.}, 
booktitle={Proc. IEEE Computer Society Annual Symposium on VLSI.}, 
title={A new organization for a perceptron-based branch predictor and its FPGA implementation}, 
year={2005}, 
month={May}, 
pages={305-306}, 
doi={10.1109/ISVLSI.2005.11},}

@article{alpha21264,
  title={The alpha 21264 microprocessor},
  author={Kessler, Richard E},
  journal={Micro, IEEE},
  volume={19},
  number={2},
  pages={24--36},
  year={1999},
  publisher={IEEE}
}

@inproceedings{alphaEV8,
  title={Design tradeoffs for the Alpha EV8 conditional branch predictor},
  author={Seznec, Andr{\'e} and Felix, Stephen and Krishnan, Venkata and Sazeides, Yiannakis},
  booktitle={Proc. 29th Annual International Symposium on Computer Architecture.},
  year={2002},
  pages={295--306},
  organization={IEEE}
}
@inproceedings{isltage,
  title={A 64 kbytes ISL-TAGE branch predictor},
  author={Seznec, Andr{\'e}},
  booktitle={JWAC-2: Championship Branch Prediction},
  year={2011}
}

@ARTICLE{wallacetree, 
author={Wallace, C. S.}, 
journal={Electronic Computers, IEEE Transactions on}, 
title={A Suggestion for a Fast Multiplier}, 
year={1964}, 
month={Feb}, 
volume={EC-13}, 
number={1}, 
pages={14-17}, 
keywords={Acceleration;Adders;Arithmetic;Circuits;Computer peripherals;Contracts;Hardware;Investments;Physics computing;Power generation economics}, 
doi={10.1109/PGEC.1964.263830}, 
ISSN={0367-7508},}

@inproceedings{override,
  title={The impact of delay on the design of branch predictors},
  author={Jim{\'e}nez, Daniel A and Keckler, Stephen W and Lin, Calvin},
  booktitle={Proceedings of the 33rd annual ACM/IEEE international symposium on Microarchitecture},
  year={2000},
  pages={67--76},
  organization={ACM}
}

@INPROCEEDINGS{histogram, 
author={Lee, D.C. and Crowley, P.J. and Baer, Jean-Loup and Anderson, T.E. and Bershad, B.K.}, 
booktitle={Computer Architecture, 1998. Proceedings. The 25th Annual International Symposium on}, 
title={Execution characteristics of desktop applications on Windows NT}, 
year={1998}, 
month={Jun}, 
pages={27-38}, 
doi={10.1109/ISCA.1998.694760}, 
ISSN={1063-6897},}

